% Encoding: UTF-8


@www{Kollross.2017,
 author = {Kollross, Martina},
 year = {2017},
 title = {Aufstand der N{\"a}hsklaven},
 url = {https://taz.de/Ausbeutung-in-der-Textilindustrie/!5393622/},
 urldate = {22.04.2021}
}






@book{Braungart.2013,
 author = {Braungart, Michael and McDonough, William},
 year = {2013},
 title = {Cradle to Cradle: Einfach intelligent produzieren},
 price = {Pb. : EUR 9.99 (DE)},
 address = {M{\"u}nchen},
 edition = {ungek{\"u}rzte Taschenbuchausg},
 publisher = {Piper},
 isbn = {978-3-492-30467-2},
 file = {http://deposit.d-nb.de/cgi-bin/dokserv?id=4521633&prov=M&dok_var=1&dok_ext=htm},
 file = {http://www.gbv.de/dms/zbw/773488103.pdf}
}



@WWW{BUND.2021,
 author = {BUND},
 year = {2021},
 title = {Schadstoffe in Plastik},
 url = {https://www.bund.net/themen/chemie/achtung-plastik/schadstoffe-in-plastik/},
 urldate = {22.04.2021}
}


@WWW{Carstens.2018,
 author = {Carstens, Peter},
 year = {2018},
 title = {Warum nachhaltiger Konsum nicht funktioniert: 14 Thesen},
 url = {https://www.geo.de/natur/nachhaltigkeit/19468-rtkl-gruene-produkte-warum-nachhaltiger-konsum-nicht-funktioniert-14},
 urldate = {22.04.2021}
}


@WWW{Schippers.2020,
 author = {Schippers, Danielle},
 year = {2020},
 title = {Kampf um die Kongo-Sch{\"a}tze},
 url = {https://www.planet-wissen.de/natur/fluesse_und_seen/kongo/pwiekampfumdiekongoschaetze100.html},
 urldate = {22.04.2021}
}




@WWW{Spanke2019,
  author  = {Kai Spanke},
  date    = {2019-08-20},
  title   = {Warum die Smartphone-Nutzung unsere Gesellschaft verändert.},
  url     = {https://www.faz.net/aktuell/stil/leib-seele/warum-die-smartphone-nutzung-unsere-gesellschaft-veraendert-16338172.html},
  urldate = {2020-11-17},
  groups  = {EnWiNaP},
}

@WWW{Tenzer2020,
  author  = {F. Tenzer},
  date    = {2020-09-15},
  title   = {Absatz von Smartphones weltweit in den Jahren 2009 bis 2019},
  url     = {https://de.statista.com/statistik/daten/studie/173049/umfrage/weltweiter-absatz-von-smartphones-seit-2009/},
  urldate = {2020-11-17},
  groups  = {EnWiNaP},
}

@WWW{Tenzer2020a,
  author  = {F. Tenzer},
  date    = {2020-09-08},
  title   = {Absatz von Smartphones in Deutschland in den Jahren 2009 bis 2020},
  url     = {https://de.statista.com/statistik/daten/studie/77637/umfrage/absatzmenge-fuer-smartphones-in-deutschland-seit-2008/},
  urldate = {2020-11-17},
  groups  = {EnWiNaP},
}

@TechReport{Jardim2017,
  author      = {Elizabeth Jardim},
  date        = {2017-03},
  institution = {{Greenpeace e. V.}},
  title       = {10 Jahre Smartphone},
  subtitle    = {Die globalen Umweltfolgen von 7 Milliarden Mobiltelefonen},
  url         = {https://www.greenpeace.de/sites/www.greenpeace.de/files/publications/s01981_greenpeace_report_10_jahre_smartphone.pdf},
  urldate     = {2020-11-17},
  groups      = {EnWiNaP},
}

@WWW{Odea2020,
  author  = {S. O'Dea},
  date    = {2020-02-27},
  title   = {Average lifespan (replacement cycle length) of smartphones worldwide from 2013 to 2020},
  url     = {https://www.statista.com/statistics/786876/replacement-cycle-length-of-smartphones-worldwide/},
  urldate = {2020-11-17},
  groups  = {EnWiNaP},
}

@Comment{jabref-meta: databaseType:biblatex;}

@Comment{jabref-meta: fileDirectory:/home/ludger/Dokumente/Arbeit/.misc/literature;}

@Comment{jabref-meta: grouping:
0 AllEntriesGroup:;
1 StaticGroup:E-Bus China\;0\;1\;0xffffffff\;\;\;;
2 StaticGroup:BA Sevag\;0\;1\;0xffffffff\;\;\;;
1 StaticGroup:Blue Engineering\;0\;1\;0xffffffff\;\;\;;
1 StaticGroup:E-MetroBus\;0\;1\;0xffffffff\;\;\;;
1 StaticGroup:Längsdynamik\;0\;0\;0xffffffff\;\;\;;
1 StaticGroup:Misc\;0\;0\;0xffffffff\;\;\;;
1 StaticGroup:MoreEVS\;0\;1\;0xffffffff\;\;\;;
1 StaticGroup:Diss\;0\;1\;0x8a8a8aff\;\;\;;
1 StaticGroup:EnWiNaP\;0\;1\;0x8a8a8aff\;\;\;;
}
